<record><leader>00000cas a2200000 a 4500</leader><controlfield tag="001">30337885</controlfield><controlfield tag="008">940427d19121974caudn ne      0    0eng c</controlfield><datafield ind1=" " ind2=" " tag="010"><subfield code="a">sn 94051088 </subfield></datafield><datafield ind1=" " ind2=" " tag="040"><subfield code="a">CNK</subfield><subfield code="b">eng</subfield><subfield code="c">CNK</subfield><subfield code="d">CNK</subfield><subfield code="d">OCLCQ</subfield><subfield code="d">OCLCF</subfield><subfield code="d">OCLCO</subfield></datafield><datafield ind1="1" ind2=" " tag="029"><subfield code="a">AU@</subfield><subfield code="b">000010972389</subfield></datafield><datafield ind1=" " ind2=" " tag="042"><subfield code="a">pcc</subfield></datafield><datafield ind1=" " ind2=" " tag="043"><subfield code="a">n-us-ca</subfield></datafield><datafield ind1="0" ind2="0" tag="245"><subfield code="a">Daily times-advocate.</subfield></datafield><datafield ind1=" " ind2=" " tag="260"><subfield code="a">Escondido, (San Diego Co.) Cal. :</subfield><subfield code="b">Percy Evans</subfield></datafield><datafield ind1=" " ind2=" " tag="300"><subfield code="a">v.</subfield></datafield><datafield ind1=" " ind2=" " tag="310"><subfield code="a">Daily (except Sat.)</subfield></datafield><datafield ind1="0" ind2=" " tag="362"><subfield code="a">Vol. 1, no. 1 (Aug. 22, 1912)-62nd year (June 16, 1974).</subfield></datafield><datafield ind1=" " ind2=" " tag="515"><subfield code="a">Vol. numbering repeats; designation changes from v. to year &lt;Dec. 1, 1965&gt;; issue numbering ceases with 54th year, Sept. 16, 1967.</subfield></datafield><datafield ind1=" " ind2=" " tag="530"><subfield code="a">Master negatives are available for duplication from:</subfield><subfield code="b">California Newspaper Microfilm Archive;</subfield><subfield code="c">positive copies may be purchased by the reel; for further information consult the CNMA at:</subfield><subfield code="u">http://cbsr.ucr.edu</subfield></datafield><datafield ind1=" " ind2=" " tag="580"><subfield code="a">Published in several local editions, Apr. 4, 1963-&lt;Nov. 1965&gt;</subfield></datafield><datafield ind1=" " ind2="0" tag="651"><subfield code="a">Escondido (Calif.)</subfield><subfield code="v">Newspapers.</subfield></datafield><datafield ind1=" " ind2="0" tag="651"><subfield code="a">Poway (Calif.)</subfield><subfield code="v">Newspapers.</subfield></datafield><datafield ind1=" " ind2="0" tag="651"><subfield code="a">Vista (Calif.)</subfield><subfield code="v">Newspapers.</subfield></datafield><datafield ind1=" " ind2="7" tag="655"><subfield code="a">Newspapers.</subfield><subfield code="2">fast</subfield><subfield code="0">(OCoLC)fst01423814</subfield></datafield><datafield ind1=" " ind2="7" tag="651"><subfield code="a">California</subfield><subfield code="z">Escondido.</subfield><subfield code="2">fast</subfield><subfield code="0">(OCoLC)fst01218708</subfield></datafield><datafield ind1=" " ind2="7" tag="651"><subfield code="a">California</subfield><subfield code="z">Poway.</subfield><subfield code="2">fast</subfield><subfield code="0">(OCoLC)fst01219038</subfield></datafield><datafield ind1=" " ind2="7" tag="651"><subfield code="a">California</subfield><subfield code="z">Vista.</subfield><subfield code="2">fast</subfield><subfield code="0">(OCoLC)fst01228759</subfield></datafield><datafield ind1=" " ind2=" " tag="752"><subfield code="a">United States</subfield><subfield code="b">California</subfield><subfield code="c">San Diego</subfield><subfield code="d">Escondido.</subfield></datafield><datafield ind1="0" ind2=" " tag="775"><subfield code="t">Times-advocate (Escondido, Calif.)</subfield><subfield code="w">(DLC)sn 95062083</subfield></datafield><datafield ind1="0" ind2=" " tag="775"><subfield code="t">Weekly free press (Escondido, Calif.)</subfield><subfield code="w">(DLC)sn 00060516</subfield></datafield><datafield ind1="0" ind2="0" tag="785"><subfield code="t">Times-advocate (Escondido, Calif. : 1974)</subfield><subfield code="w">(DLC)sn 00060515</subfield></datafield></record>